<?xml version="1.0" encoding="UTF-8"?><collection xmlns="http://www.loc.gov/MARC21/slim"><record><leader>00542nam--2200181-i-4500</leader><controlfield tag="001">000046648</controlfield><controlfield tag="002">20161230</controlfield><controlfield tag="005">20161230201046</controlfield><controlfield tag="008">060222s1000------------r-----000-0-rum-d</controlfield><datafield ind1=" " ind2=" " tag="040"><subfield code="a">IFIN-HH</subfield></datafield><datafield ind1=" " ind2=" " tag="041"><subfield code="a">rum</subfield></datafield><datafield ind1=" " ind2=" " tag="080"><subfield code="a">539.124.143</subfield></datafield><datafield ind1="1" ind2=" " tag="100"><subfield code="a">Vezentan, Nicolae</subfield></datafield><datafield ind1="1" ind2="0" tag="245"><subfield code="a">Rezonanta electrica de spin la unii chelati ai cu(ii) cu - dicetone</subfield><subfield code="b">Rezumatul tezei</subfield><subfield code="c">Nicolae vezetan</subfield></datafield><datafield ind1=" " ind2=" " tag="260"><subfield code="a">Cluj</subfield><subfield code="b">Facultatea De Fizica, Universitatea Babes-bolyai</subfield><subfield code="c">1969</subfield></datafield><datafield ind1=" " ind2=" " tag="300"><subfield code="a">63P</subfield></datafield><datafield ind1=" " ind2=" " tag="852"><subfield code="a">30200</subfield><subfield code="c">539.143.43</subfield></datafield><datafield ind1=" " ind2=" " tag="CAT"><subfield code="a">Sys</subfield><subfield code="c">20120503</subfield><subfield code="h">140932</subfield></datafield></record></collection>